
@Misc{ww,
  title =        {Wikipedia},
  howpublished = {http://wikipedia.org/},
  note =         {User contributed encyclopedia. Take any information with a tsp.~of salt.}
}

@Book{issola,
  author =    {Steven Brust},
  title =        {Issola},
  publisher =    {Tor Fantasy},
  year =         2002
}

@Book{chinese-cooking-made-easy,
  author =    {Mu-Tsun Lee},
  title =        {Chinese Cooking Made Easy:~With Simple Sauces and Dressings},
  publisher =    {Wei-Chuan Publishing},
  year =         1991
}

@Book{world-of-the-east-vegetarian-cooking,
  author =    {Madhur Jaffrey},
  title =        {World-of-the-East Vegetarian Cooking},
  publisher =    {Knopf},
  year =         1981
}

@Book{joy-of-cooking,
  author =    {Irma S.~Rombauer and Marion Rombauer Becker and Ethan Becker},
  title =        {Joy of Cooking},
  publisher =    {Scribner},
  year =         2006
}

@Book{betty-crocker,
  author =    {Betty Crocker},
  title =        {Betty Crocker's New Cookbook},
  publisher =    {MacMillan},
  year =         1996,
  edition =   8
}

